<?xml version="1.0" encoding="UTF-8"?><collection xmlns="http://www.loc.gov/MARC21/slim"><record><leader>00495nam--2200157-i-4500</leader><controlfield tag="001">000042479</controlfield><controlfield tag="002">20161230</controlfield><controlfield tag="005">20161230201043</controlfield><controlfield tag="008">060222s1000------------r-----000-0-eng-d</controlfield><datafield ind1=" " ind2=" " tag="080"><subfield code="a">517.53</subfield></datafield><datafield ind1=" " ind2=" " tag="100"><subfield code="a">Spiegel,Murray R</subfield></datafield><datafield ind1=" " ind2=" " tag="245"><subfield code="a">Schaum`s outline of theory and problems of complex variables with a intr.to conformal mapping and its appl</subfield></datafield><datafield ind1=" " ind2=" " tag="260"><subfield code="a">New York, Mcgraw-hill Book Co.,1964. 313 P</subfield></datafield><datafield ind1=" " ind2=" " tag="490"><subfield code="a">Schaum`S Outline Series</subfield></datafield><datafield ind1=" " ind2=" " tag="852"><subfield code="a">30764</subfield><subfield code="c">517.53</subfield></datafield><datafield ind1=" " ind2=" " tag="CAT"><subfield code="a">Sys</subfield><subfield code="c">20080818</subfield><subfield code="h">135431</subfield></datafield></record></collection>